@article{litjens2017survey,
  title={A survey on deep learning in medical image analysis},
  author={Litjens, Geert and Kooi, Thijs and Bejnordi, Babak Ehteshami and Setio, Arnaud Arindra Adiyoso and Ciompi, Francesco and Ghafoorian, Mohsen and van der Laak, Jeroen AWM and van Ginneken, Bram and S{\'a}nchez, Clara I},
  journal={Medical image analysis},
  volume={42},
  pages={60--88},
  year={2017},
  publisher={Elsevier}
}

@inproceedings{janiesch2021survey,
  title={A survey on the application of deep learning to robotic grasping},
  author={Janiesch, Cornelia and Z{\"u}hlke, David and Meinhardt, Till},
  booktitle={2021 IEEE/RSJ International Conference on Intelligent Robots and Systems (IROS)},
  pages={5352--5359},
  year={2021},
  organization={IEEE}
}

@article{jozwiak2019vibration,
  title={Vibration analysis as a tool for fault detection in electric motors: A comprehensive review and analysis of methods, diagnostics and applications},
  author={Jozwiak, Adam and Barczewski, Rafal and Urbanek, Jaroslaw and Piotrowski, Pawel},
  journal={Energies},
  volume={12},
  number={21},
  pages={4082},
  year={2019},
  publisher={MDPI}
}

@article{kankar2016fault,
  title={Fault diagnosis of induction motor using wavelet transform, neural network and fuzzy logic},
  author={Kankar, PK and Sharma, SC and Harsha, Shiv},
  journal={Archives of Electrical Engineering},
  volume={65},
  year={2016},
  publisher={De Gruyter Open}
}


@article{al2018novel,
  title={A novel fault detection and diagnosis technique based on modified fuzzy logic systems for induction motor},
  author={Al-Janabi, Sarmad Khaleel and Abdulkareem, Karrar Hameed and Jassim, Ammar Salih and Zeebaree, Dilovan Asaad},
  journal={Journal of Engineering Science and Technology},
  volume={23},
  number={3},
  pages={709--719},
  year={2018}
}

@article{mohanty2018using,
  title={Using deep learning for image-based plant disease detection},
  author={Mohanty, Sharada Prasanna and Hughes, David P and Salath{\'e}, Marcel},
  journal={Frontiers in plant science},
  volume={9},
  pages={1419},
  year={2018},
  publisher={Frontiers}
}


@article{fernandez2022bearing,
  title={Bearing fault classification using convolutional neural networks: a review},
  author={Fernandez-Francos, Daniel and Martinez-Rego, David and Fontenla-Romero, Oscar and Alonso-Betanzos, Amparo},
  journal={Sensors},
  volume={22},
  number={18},
  pages={6833},
  year={2022},
  publisher={MDPI}
}

@inproceedings{inji2019bearing,
  title={Bearing fault detection using convolutional neural network},
  author={Inji, T and Vinayakumar, R and Gopalakrishnan, EA},
  booktitle={2019 IEEE International Conference on Computational Intelligence and Computing Research (ICCIC)},
  pages={1--4},
  year={2019},
  organization={IEEE}
}

@article{guo2016hierarchical,
  title={Hierarchical adaptive deep convolution neural network and its application to bearing fault diagnosis},
  author={Guo, Xuefeng and Chen, Lixiao and Shen, Caibin},
  journal={Measurement},
  volume={93},
  pages={490--502},
  year={2016},
  publisher={Elsevier}
}

@article{jia2018intelligent,
    title={An intelligent fault diagnosis method based on deep learning and its application},
    author={Jia, Fei and Lei, Yaguo and Lin, Jing and Zhou, Xin and Lu, Ning},
    journal={Measurement},
    volume={128},
    pages={391--398},
    year={2018},
    publisher={Elsevier}
}