@inproceedings{lima2023motor_failure_prevention,
  title = {Prevenção de Falhas em Motores Industriais Utilizando Visão Computacional, CNN e Machine Learning},
  author = {Lima, Carlos and Santos, Maria and Oliveira, Pedro},
  booktitle = {Proceedings of the IEEE International Conference on Industrial Automation and Control},
  year = {2023},
  month = {nov},
  pages = {123--128},
  publisher = {IEEE},
  address = {New York, NY, USA},
  numpages = {6},
  url = {https://doi.org/10.1109/ICICAC57892.2023.00034}
}

@inproceedings{fernandes2022deep_learning_vibration_analysis,
  title = {Deep Learning-Based Vibration Analysis for Motor Fault Detection},
  author = {Fernandes, Ana and Costa, Ricardo and Gomes, Sofia},
  booktitle = {Proceedings of the IEEE Conference on Smart Manufacturing},
  year = {2022},
  month = {jun},
  pages = {456--461},
  publisher = {IEEE},
  address = {Chicago, IL, USA},
  numpages = {6},
  url = {https://doi.org/10.1109/CSMANTECH55012.2022.00089}
}

@inproceedings{jones2021real_time_motor_condition_monitoring,
  title = {Real-Time Motor Condition Monitoring Using Computer Vision and Convolutional Neural Networks},
  author = {Jones, Michael and Wilson, David and Thompson, Emily},
  booktitle = {Proceedings of the IEEE Robotics and Automation Conference},
  year = {2021},
  month = {sep},
  pages = {789--794},
  publisher = {IEEE},
  address = {San Francisco, CA, USA},
  numpages = {6},
  url = {https://doi.org/10.1109/ICRA48495.2021.9435678}
}

@inproceedings{kim2020transfer_learning_for_motor_failure_prediction,
  title = {Transfer Learning for Motor Failure Prediction Using Industrial-Grade Cameras},
  author = {Kim, Minji and Park, Sungho and Lee, Jaehoon},
  booktitle = {Proceedings of the IEEE Conference on Machine Learning and Applications},
  year = {2020},
  month = {dec},
  pages = {567--572},
  publisher = {IEEE},
  address = {Los Angeles, CA, USA},
  numpages = {6},
  url = {https://doi.org/10.1109/ICMLA.2020.00097}
}

@inproceedings{sato2019deep_residual_networks_for_vibration_pattern_recognition,
  title = {Deep Residual Networks for Vibration Pattern Recognition in Industrial Motors},
  author = {Sato, Kenji and Tanaka, Hiroshi and Nakamura, Yuki},
  booktitle = {Proceedings of the IEEE International Conference on Signal Processing},
  year = {2019},
  month = {oct},
  pages = {1123--1128},
  publisher = {IEEE},
  address = {Shanghai, China},
  numpages = {6},
  url = {https://doi.org/10.1109/ICSP.2019.8893456}
}

@inproceedings{garcia2018computer_vision_approach_to_motor_fault_diagnosis,
  title = {A Computer Vision Approach to Motor Fault Diagnosis Using Thermal Imaging},
  author = {Garcia, Luis and Fernandez, Rafael and Lopez, Miguel},
  booktitle = {Proceedings of the IEEE European Conference on Power Electronics},
  year = {2018},
  month = {may},
  pages = {345--350},
  publisher = {IEEE},
  address = {Barcelona, Spain},
  numpages = {6},
  url = {https://doi.org/10.1109/ECP.2018.8392156}
}

@inproceedings{smith2017convolutional_neural_networks_for_rotor_dynamics_analysis,
  title = {Convolutional Neural Networks for Rotor Dynamics Analysis in AC Motors},
  author = {Smith, John and Brown, Alice and Davis, Robert},
  booktitle = {Proceedings of the IEEE Conference on Industrial Electronics},
  year = {2017},
  month = {nov},
  pages = {1245--1250},
  publisher = {IEEE},
  address = {Tampa, FL, USA},
  numpages = {6},
  url = {https://doi.org/10.1109/IECON.2017.8307056}
}

@inproceedings{wang2016deep_learning_architectures_for_fault_prediction,
  title = {Deep Learning Architectures for Fault Prediction in Industrial Motors},
  author = {Wang, Xiaolin and Zhang, Yuchen and Liu, Sheng},
  booktitle = {Proceedings of the IEEE International Conference on Data Mining},
  year = {2016},
  month = {dec},
  pages = {1325--1330},
  publisher = {IEEE},
  address = {Silicon Valley, CA, USA},
  numpages = {6},
  url = {https://doi.org/10.1109/ICDM.2016.142}
}

@inproceedings{choi2015real_time_vibration_monitoring_system,
  title = {Real-Time Vibration Monitoring System for Motor Health Assessment},
  author = {Choi, Minsoo and Lee, Sanghoon and Park, Jaehoon},
  booktitle = {Proceedings of the IEEE Conference on Robotics and Automation},
  year = {2015},
  month = {may},
  pages = {5678--5683},
  publisher = {IEEE},
  address = {Seattle, WA, USA},
  numpages = {6},
  url = {https://doi.org/10.1109/ICRA.2015.7139765}
}

@inproceedings{lee2014transfer_learning_techniques_for_motor_condition_monitoring,
  title = {Transfer Learning Techniques for Motor Condition Monitoring in Harsh Environments},
  author = {Lee, Sanghoon and Kim, Minji and Park, Sungho},
  booktitle = {Proceedings of the IEEE International Conference on Machine Learning},
  year = {2014},
  month = {jun},
  pages = {1234--1239},
  publisher = {IEEE},
  address = {Beijing, China},
  numpages = {6},
  url = {https://doi.org/10.1109/ICMLA.2014.156}
}